@article{nas_bench,
  author  = {Rob F. Van der Wijngaart and Michael Frumkin}, 
  title   = {NAS Grid Benchmarks Version 1.0},
  journal = {NASA Technical Report NAS-02.005},
  year    = 2002,
  month   = 7,
}

@article{nas_bench_1,
  author  = {H. Jin and M. Frumkin and J. Yan}, 
  title   = {The OpenMP Implementation of NAS Parallel Benchmarks and Its Performance},
  journal = {NAS Technical Report NAS-99-011},
  year    = 1999,
  month   = 10,
}

@misc{search,
  title = {Services and Advanced Research Computing with HTC/HPC clusters},
  howpublished = {\url{http://search6.di.uminho.pt/wordpress/?page_id=55}},
}

@misc{nas_site,
  title = {NASA Advanced Supercomputing Division},
  howpublished = {\url{http://www.nas.nasa.gov/publications/npb.html}},
}

@misc{classes,
  title = {Problem Sizes and Parameters in NAS Parallel Benchmarks},
  howpublished = {\url{http://www.nas.nasa.gov/publications/npb_problem_sizes.html}},
}
